<record><leader>00000cas a2200000 i 4500</leader><controlfield tag="001">786448797</controlfield><controlfield tag="006">sdx neo     0    0</controlfield><controlfield tag="007">cr cn|||||||||</controlfield><controlfield tag="008">120227c198u9999nyudx neo     0    0eng c</controlfield><datafield ind1=" " ind2=" " tag="010"><subfield code="a">  2015238523</subfield></datafield><datafield ind1=" " ind2=" " tag="040"><subfield code="a">CNCGM</subfield><subfield code="b">eng</subfield><subfield code="e">rda</subfield><subfield code="c">CNCGM</subfield><subfield code="d">OCLCQ</subfield><subfield code="d">IUL</subfield><subfield code="d">AMH</subfield><subfield code="d">OCLCF</subfield><subfield code="d">HTM</subfield><subfield code="d">OCLCQ</subfield><subfield code="d">OCL</subfield></datafield><datafield ind1=" " ind2=" " tag="019"><subfield code="a">427378458</subfield><subfield code="a">664579004</subfield></datafield><datafield ind1="0" ind2=" " tag="041"><subfield code="a">eng</subfield><subfield code="a">spa</subfield></datafield><datafield ind1=" " ind2=" " tag="042"><subfield code="a">pcc</subfield></datafield><datafield ind1=" " ind2=" " tag="043"><subfield code="a">n-us-ny</subfield></datafield><datafield ind1="1" ind2="4" tag="050"><subfield code="a">HV99.N59</subfield><subfield code="b">I55</subfield></datafield><datafield ind1="0" ind2=" " tag="130"><subfield code="a">Inner City Press (Online)</subfield></datafield><datafield ind1="1" ind2="0" tag="245"><subfield code="a">Inner City Press.</subfield></datafield><datafield ind1="3" ind2="1" tag="246"><subfield code="a">Prensa del pueblo</subfield></datafield><datafield ind1=" " ind2="1" tag="264"><subfield code="a">Bronx, NY :</subfield><subfield code="b">Storefront Community Center :</subfield><subfield code="b">Inner City Press</subfield></datafield><datafield ind1=" " ind2=" " tag="300"><subfield code="a">online resource</subfield></datafield><datafield ind1=" " ind2=" " tag="310"><subfield code="a">Daily (irregular),</subfield><subfield code="b">&lt;2006-&gt;</subfield></datafield><datafield ind1=" " ind2=" " tag="321"><subfield code="a">Bimonthly,</subfield><subfield code="b">-1990</subfield></datafield><datafield ind1=" " ind2=" " tag="321"><subfield code="a">Quarterly,</subfield><subfield code="b">1991-</subfield></datafield><datafield ind1=" " ind2=" " tag="336"><subfield code="a">text</subfield><subfield code="b">txt</subfield><subfield code="2">rdacontent</subfield></datafield><datafield ind1=" " ind2=" " tag="337"><subfield code="a">computer</subfield><subfield code="b">c</subfield><subfield code="2">rdamedia</subfield></datafield><datafield ind1=" " ind2=" " tag="338"><subfield code="a">online resource</subfield><subfield code="b">cr</subfield><subfield code="2">rdacarrier</subfield></datafield><datafield ind1=" " ind2=" " tag="500"><subfield code="a">Editor: Matthew Lee.</subfield></datafield><datafield ind1=" " ind2=" " tag="515"><subfield code="a">Suspended: 1993.</subfield></datafield><datafield ind1=" " ind2=" " tag="530"><subfield code="a">Available on microfilm.</subfield></datafield><datafield ind1=" " ind2=" " tag="538"><subfield code="a">Mode of access: World Wide Web.</subfield></datafield><datafield ind1=" " ind2=" " tag="546"><subfield code="a">Text in English with Spanish text on inverted pages under Spanish title: La Prensa del Pueblo.</subfield></datafield><datafield ind1=" " ind2=" " tag="588"><subfield code="a">Description based on print version record; title from "Publication Information" section of Alt-PressWatch.</subfield></datafield><datafield ind1=" " ind2=" " tag="588"><subfield code="a">Latest issue consulted: July 13, 2015.</subfield></datafield><datafield ind1=" " ind2="0" tag="650"><subfield code="a">Poverty</subfield><subfield code="x">Social aspects</subfield><subfield code="v">Newspapers.</subfield></datafield><datafield ind1=" " ind2="0" tag="650"><subfield code="a">Social history</subfield><subfield code="v">Newspapers.</subfield></datafield><datafield ind1=" " ind2="4" tag="650"><subfield code="a">Electronic journals.</subfield></datafield><datafield ind1=" " ind2="7" tag="655"><subfield code="a">Newspapers.</subfield><subfield code="2">fast</subfield><subfield code="0">(OCoLC)fst01423814</subfield></datafield><datafield ind1=" " ind2="7" tag="650"><subfield code="a">Poverty</subfield><subfield code="x">Social aspects.</subfield><subfield code="2">fast</subfield><subfield code="0">(OCoLC)fst01074134</subfield></datafield><datafield ind1=" " ind2="7" tag="650"><subfield code="a">Social history.</subfield><subfield code="2">fast</subfield><subfield code="0">(OCoLC)fst01122498</subfield></datafield><datafield ind1="1" ind2=" " tag="700"><subfield code="a">Lee, Matthew,</subfield><subfield code="d">1965-</subfield><subfield code="e">editor.</subfield></datafield><datafield ind1=" " ind2=" " tag="752"><subfield code="a">United States</subfield><subfield code="b">New York (NY)</subfield><subfield code="c">Bronx</subfield><subfield code="d">Bronx.</subfield></datafield><datafield ind1="0" ind2="8" tag="776"><subfield code="i">Print version:</subfield><subfield code="t">Inner city press</subfield><subfield code="w">(OCoLC)21272176</subfield></datafield><datafield ind1="4" ind2="0" tag="856"><subfield code="u">http://WC2VB5MT8E.search.serialssolutions.com/?sid=sersol&amp;SS_jc=JC_000994771&amp;title=Inner+City+Press</subfield></datafield><datafield ind1="4" ind2="1" tag="856"><subfield code="u">http://search.proquest.com/publication/28077</subfield></datafield></record>